# https://www.bibme.org/apa

 @misc{simavr,
  howpublished = {\url{https://github.com/buserror/simavr}},
  url          = {https://github.com/buserror/simavr},
  title        = {simavr â€” a lean and mean Atmel AVR simulator for linux},
  publisher    = {Michel Pollet},
  author       = {Michel Pollet},
} 

 @misc{qsnake,
  howpublished = {\url{https://github.com/qsnake/libxc}},
  url          = {https://github.com/qsnake/libxc},
  title        = {qsnake libxc opensource package},
  publisher    = {Miguel A. L. Marques, Micael Oliveira, Susi Lehtola},
  author       = {Miguel A. L. Marques, Micael Oliveira, Susi Lehtola},
} 

 @misc{libxc,
  howpublished = {\url{https://www.tddft.org/programs/libxc/installation/}},
  url          = {https://www.tddft.org/programs/libxc/installation/},
  title        = {Libxc installation guide},
  publisher    = {Miguel A. L. Marques, Micael Oliveira, Susi Lehtola},
  author       = {Miguel A. L. Marques, Micael Oliveira, Susi Lehtola},
} 
